<?xml version="1.0" encoding="UTF-8"?><collection xmlns="http://www.loc.gov/MARC21/slim"><record><leader>00477nam--2200169-u-4500</leader><controlfield tag="001">000054860</controlfield><controlfield tag="002">20161230</controlfield><controlfield tag="005">20161230201051</controlfield><controlfield tag="008">120621s1000------------r-----000-0-eng-d</controlfield><datafield ind1=" " ind2=" " tag="040"><subfield code="a">IFIN-HH</subfield></datafield><datafield ind1=" " ind2=" " tag="080"><subfield code="a">539.172.3:538.915</subfield></datafield><datafield ind1="1" ind2=" " tag="100"><subfield code="a">Helgeson, Ulf</subfield></datafield><datafield ind1="1" ind2="0" tag="245"><subfield code="a">Mossbauer studies of electron population in some iron complexes</subfield><subfield code="b">Dissertation</subfield><subfield code="c">Ulf helgeson</subfield></datafield><datafield ind1=" " ind2=" " tag="260"><subfield code="a">Stockholm</subfield><subfield code="b">University</subfield><subfield code="c">1983</subfield></datafield><datafield ind1=" " ind2=" " tag="300"><subfield code="a">19P</subfield></datafield><datafield ind1=" " ind2=" " tag="852"><subfield code="a">71562</subfield><subfield code="c">539.17</subfield></datafield><datafield ind1=" " ind2=" " tag="CAT"><subfield code="a">Sys</subfield><subfield code="c">20120621</subfield><subfield code="h">165731</subfield></datafield></record></collection>